<record xmlns="http://www.loc.gov/MARC21/slim">
  <leader>01618naa a2200385   4500</leader>
  <controlfield tag="001">2011543997</controlfield>
  <controlfield tag="008">       2012                        eng   </controlfield>
  <datafield tag="016" ind1=" " ind2=" ">
    <subfield code="a">2011543997</subfield>
  </datafield>
  <datafield tag="022" ind1=" " ind2=" ">
    <subfield code="a">1078-1552</subfield>
  </datafield>
  <datafield tag="024" ind1=" " ind2=" ">
    <subfield code="a">21610020</subfield>
  </datafield>
  <datafield tag="035" ind1=" " ind2=" ">
    <subfield code="b">9511372</subfield>
  </datafield>
  <datafield tag="046" ind1=" " ind2=" ">
    <subfield code="a">20120518</subfield>
  </datafield>
  <datafield tag="072" ind1=" " ind2=" ">
    <subfield code="a">journal article</subfield>
  </datafield>
  <datafield tag="100" ind1="1" ind2="0">
    <subfield code="a">Aapro, Matti</subfield>
  </datafield>
  <datafield tag="100" ind1="1" ind2="0">
    <subfield code="u">Institut Multidisciplinaire d&apos;Oncologie, Clinique de Genolier</subfield>
  </datafield>
  <datafield tag="210" ind1=" " ind2=" ">
    <subfield code="a">J ONCOL PHARM PRACT</subfield>
  </datafield>
  <datafield tag="245" ind1="1" ind2="0">
    <subfield code="a">Comparative cost-efficiency across the European G5 countries of various regimens of filgrastim, biosimilar filgrastim, and pegfilgrastim to reduce the incidence of chemotherapy-induced febrile neutropenia.</subfield>
  </datafield>
  <datafield tag="362" ind1=" " ind2=" ">
    <subfield code="a">2012 Jun, 18 (2)</subfield>
    <subfield code="b">2012</subfield>
  </datafield>
  <datafield tag="514" ind1=" " ind2=" ">
    <subfield code="a">Pre-Cinahl - In Process</subfield>
  </datafield>
  <datafield tag="521" ind1=" " ind2=" ">
    <subfield code="a">Oncologic Care</subfield>
  </datafield>
  <datafield tag="546" ind1=" " ind2=" ">
    <subfield code="a">English</subfield>
  </datafield>
  <datafield tag="655" ind1=" " ind2=" ">
    <subfield code="a">Biomedical</subfield>
  </datafield>
  <datafield tag="655" ind1=" " ind2=" ">
    <subfield code="a">Blind Peer Reviewed</subfield>
  </datafield>
  <datafield tag="655" ind1=" " ind2=" ">
    <subfield code="a">Editorial Board Reviewed</subfield>
  </datafield>
  <datafield tag="655" ind1=" " ind2=" ">
    <subfield code="a">Expert Peer Reviewed</subfield>
  </datafield>
  <datafield tag="655" ind1=" " ind2=" ">
    <subfield code="a">Online</subfield>
  </datafield>
  <datafield tag="655" ind1=" " ind2=" ">
    <subfield code="a">Peer Reviewed</subfield>
  </datafield>
  <datafield tag="655" ind1=" " ind2=" ">
    <subfield code="a">USA</subfield>
  </datafield>
  <datafield tag="700" ind1="1" ind2="0">
    <subfield code="a">Aapro, Matti</subfield>
  </datafield>
  <datafield tag="700" ind1="1" ind2="0">
    <subfield code="a">Cornes, Paul</subfield>
  </datafield>
  <datafield tag="700" ind1="1" ind2="0">
    <subfield code="a">Abraham, Ivo</subfield>
  </datafield>
  <datafield tag="773" ind1=" " ind2=" ">
    <subfield code="t">Journal of Oncology Pharmacy Practice</subfield>
    <subfield code="g">2012 Jun 18 (2): 171-9</subfield>
    <subfield code="m">18 (2)</subfield>
    <subfield code="p">171-9</subfield>
    <subfield code="x">1078-1552</subfield>
  </datafield>
  <datafield tag="852" ind1=" " ind2=" ">
    <subfield code="a">10.1177/1078155211407367</subfield>
  </datafield>
  <datafield tag="902" ind1=" " ind2=" ">
    <subfield code="a">This publication is protected by US and international copyright laws and its content may not be copied without the copyright holder&apos;s express written permission except for the print or download  capabilities of the retrieval software used for access. This content is intended solely for the use of the individual user.</subfield>
  </datafield>
  <datafield tag="945" ind1=" " ind2=" ">
    <subfield code="d">2012 Jun</subfield>
    <subfield code="m">18</subfield>
    <subfield code="n">2</subfield>
    <subfield code="t">Journal of Oncology Pharmacy Practice</subfield>
    <subfield code="p">171</subfield>
  </datafield>
</record>